<record><leader>00000cas a22000007a 4500</leader><controlfield tag="001">25293996</controlfield><controlfield tag="008">920218d18761877nyudr ne      0    0eng d</controlfield><datafield ind1=" " ind2=" " tag="010"><subfield code="a">sn 92061760 </subfield></datafield><datafield ind1=" " ind2=" " tag="040"><subfield code="a">NYS</subfield><subfield code="b">eng</subfield><subfield code="c">NYS</subfield><subfield code="d">OCLCQ</subfield></datafield><datafield ind1=" " ind2=" " tag="042"><subfield code="a">msc</subfield></datafield><datafield ind1="0" ind2="0" tag="245"><subfield code="a">Daily reporter and Democrat.</subfield></datafield><datafield ind1="1" ind2="3" tag="246"><subfield code="a">Wellsville enterprise</subfield></datafield><datafield ind1=" " ind2=" " tag="260"><subfield code="a">Wellsville, N.Y. :</subfield><subfield code="b">[s.n.]</subfield></datafield><datafield ind1=" " ind2=" " tag="300"><subfield code="a">v. ;</subfield><subfield code="c">37 cm.</subfield></datafield><datafield ind1=" " ind2=" " tag="310"><subfield code="a">Daily</subfield></datafield><datafield ind1="1" ind2=" " tag="362"><subfield code="a">Began in 1876? Ceased in 1877?</subfield></datafield><datafield ind1=" " ind2=" " tag="580"><subfield code="a">Weekly ed.: Allegany Democrat.</subfield></datafield><datafield ind1=" " ind2=" " tag="588"><subfield code="a">Description based on: Jan. 26, 1877.</subfield></datafield><datafield ind1=" " ind2="4" tag="651"><subfield code="a">Wellsville (N.Y.)</subfield><subfield code="v">Newspapers.</subfield></datafield><datafield ind1=" " ind2=" " tag="752"><subfield code="a">United States</subfield><subfield code="b">New York</subfield><subfield code="c">Allegany</subfield><subfield code="d">Wellsville.</subfield></datafield><datafield ind1="1" ind2=" " tag="775"><subfield code="t">Allegany Democrat</subfield><subfield code="w">(DLC)sn 83031730</subfield></datafield><datafield ind1="1" ind2=" " tag="029"><subfield code="a">AU@</subfield><subfield code="b">000025907111</subfield></datafield></record>